## Place biblatex entries here.
@book{deisenroth2020mathematics,
  title={Mathematics for machine learning},
  author={Deisenroth, Marc Peter and Faisal, A Aldo and Ong, Cheng Soon},
  year={2020},
  publisher={Cambridge University Press}
}

@article{wright1999numerical,
  title={Numerical optimization},
  author={Wright, Stephen and Nocedal, Jorge and others},
  journal={Springer Science},
  volume={35},
  number={67-68},
  pages={7},
  year={1999}
}

@book{goodfellow2016deep,
  title={Deep learning},
  author={Goodfellow, Ian and Bengio, Yoshua and Courville, Aaron},
  year={2016},
  publisher={MIT press}
}
